@MISC{ref01,
    author	= {Rickey C. Weisner},
    title	= {Tutorial: DTrace by Example},
    year	= {2009},
    howpublished = {\url{http://www.oracle.com/technetwork/server-storage/solaris/dtrace-tutorial-142317.html}}
}

@MISC{ref02,
    author	= {Brendan Gregg and Jim Mauro},
    title	= {DTrace: Dynamic Tracing in Oracle Solaris, Mac OS X, and FreeBSD},
    year	= {2011},
    howpublished = {\url{http://www.dtracebook.com/index.php/Main_Page}}
}

@MISC{ref03,
    author	= {dtrace.org},
    title	= {About DTrace},
    howpublished = {\url{http://dtrace.org/blogs/about/}}
}

@MISC{ref04,
    title	= {illumos Dynamic Tracing Guide},
    howpublished = {\url{http://dtrace.org/guide/preface.html}}
}

@MISC{ref05,
    author	= {Oracle Corporation and/or its affiliates},
    title	= {DTrace User Guide},
    year	= {2010},
    howpublished = {\url{http://docs.oracle.com/cd/E19253-01/819-5488/}}
}

@MISC{ref06,
    author	= {Colin Wheeler},
    title	= {DTrace for Cocoa Developers},
    year	= {2008},
    howpublished = {\url{http://www.viddler.com/v/4bc1e00f}}
}

@MastersThesis{tese,
    author	= {Martin Rubli},
    title	= {Building a Webcam Infrastructure for GNU/Linux},
    school	= {School of Computer and Communication Sciences},
    address	= {Swiss Federal Institute of Technology, Lausanne, Switzerland},
    year	= {2006},
    howpublished = {\url{http://rubli.info/academia/projects/thesis/linux_webcam.pdf}}
    }
